@misc{rmfTool2018,
  author = {Gast, Nicolas},
  title = {Refined Mean Field Tool},
  year = {2018},
  publisher = {GitHub},
  journal = {GitHub repository},
  howpublished = {\url{https://github.com/ngast/rmf_tool}},
  commit = {f9825234a876ba0607670deec0f9daf1542bd8a6}
}
@misc{githubPaper2018,
  author = {Gast, Nicolas and Bortolussi, Luca and Tribastone, Mirco},
  title = {Size Expansions of Mean Field Approximation: Transient and Steady-State Analysis.},
  year = {2018},
  publisher = {GitHub},
  journal = {GitHub repository},
  howpublished = {\url{https://github.com/ngast/sizeExpansionMeanField}},
  commit = {f9825234a876ba0607670deec0f9daf1542bd8a6}
}



@book{wilkinson_stochastic_2011,
	title = {Stochastic {Modelling} for {Systems} {Biology}, 2nd edition},
	publisher = {CRC Press, Inc.},
	author = {Wilkinson, D. J},
	year = {2011}
}

%% This BibTeX bibliography file was created using BibDesk.
%% http://bibdesk.sourceforge.net/

%% Created for Mirco Tribastone at 2018-07-17 10:19:39 +0200 


%% Saved with string encoding Unicode (UTF-8) 



@book{murray:i,
	Author = {James D. Murray},
	Date-Added = {2018-07-17 08:19:39 +0000},
	Date-Modified = {2018-07-17 08:19:39 +0000},
	Edition = {3rd},
	Keywords = {reaction-diffusion;pde},
	Publisher = {Springer},
	Title = {Mathematical Biology I: An Introduction},
	Year = {2002}}

@book{wilkinson2006,
	Author = {Wilkinson, D. {\textasciitilde}J},
	Publisher = {Chapman \& Hall},
	Title = {Stochastic {Modelling} for {Systems} {Biology}},
	Year = {2006}}

@book{andersson2000,
	Author = {Andersson, H. and Britton, T.},
	Publisher = {Springer-Verlag},
	Title = {Stochastic {Epidemic} {Models} and {Their} {Statistical} {Analysis}},
	Year = {2000}}

@inproceedings{che2001analysis,
	Author = {Che, Hao and Wang, Zhijun and Tung, Ye},
	Booktitle = {INFOCOM 2001. Twentieth Annual Joint Conference of the IEEE Computer and Communications Societies. Proceedings. IEEE},
	Organization = {IEEE},
	Pages = {1416--1424},
	Title = {Analysis and design of hierarchical web caching systems},
	Volume = {3},
	Year = {2001}}

@article{fagin1977asymptotic,
	Author = {Fagin, Ronald},
	Journal = {Journal of Computer and System Sciences},
	Number = {2},
	Pages = {222--250},
	Publisher = {Elsevier},
	Title = {Asymptotic miss ratios over independent references},
	Volume = {14},
	Year = {1977}}

@article{ina2012,
	Author = {Thomas, Philipp and Matuschek, Hannes and Grima, Ramon},
	Doi = {10.1371/journal.pone.0038518},
	Journal = {PLoS ONE},
	Number = {6},
	Pages = {e38518},
	Shorttitle = {Intrinsic {Noise} {Analyzer}},
	Title = {Intrinsic {Noise} {Analyzer}: {A} {Software} {Package} for the {Exploration} of {Stochastic} {Biochemical} {Kinetics} {Using} the {System} {Size} {Expansion}},
	Url = {http://dx.plos.org/10.1371/journal.pone.0038518},
	Volume = {7},
	Year = {2012},
	Bdsk-Url-1 = {http://dx.plos.org/10.1371/journal.pone.0038518},
	Bdsk-Url-2 = {https://doi.org/10.1371/journal.pone.0038518}}

@book{vankampen2007,
	Address = {Amsterdam; Boston; London},
	Author = {van Kampen, N. G.},
	Isbn = {978-0-444-52965-7 0-444-52965-9 978-0-08-047536-3 0-08-047536-1},
	Publisher = {Elsevier},
	Title = {Stochastic processes in physics and chemistry},
	Year = {2007}}

@article{schnoerr2015,
	Author = {Schnoerr, David and Sanguinetti, Guido and Grima, Ramon},
	Doi = {10.1063/1.4934990},
	Journal = {The Journal of Chemical Physics},
	Number = {18},
	Pages = {185101},
	Title = {Comparison of different moment-closure approximations for stochastic chemical kinetics},
	Volume = {143},
	Year = {2015},
	Bdsk-Url-1 = {https://doi.org/10.1063/1.4934990}}

@article{schnoerr2014,
	Author = {Schnoerr, David and Sanguinetti, Guido and Grima, Ramon},
	Doi = {10.1063/1.4892838},
	Journal = {The Journal of Chemical Physics},
	Number = {8},
	Pages = {084103},
	Title = {Validity conditions for moment closure approximations in stochastic chemical kinetics},
	Volume = {141},
	Year = {2014},
	Bdsk-Url-1 = {https://doi.org/10.1063/1.4892838}}

@article{ina2013,
	Author = {Thomas, Philipp and Matuschek, Hannes and Grima, Ramon},
	File = {Thomas et al. - Computation of biochemical pathway ?uctuations bey.pdf:/Users/luca/Zotero/storage/A9WSDHZA/Thomas et al. - Computation of biochemical pathway ?uctuations bey.pdf:application/pdf},
	Language = {en},
	Pages = {5},
	Title = {Computation of biochemical pathway ?uctuations beyond the linear noise approximation using {iNA}},
	Year = {2013}}

@article{grima2012study,
	Author = {Grima, Ramon},
	Journal = {The Journal of chemical physics},
	Number = {15},
	Pages = {04B616},
	Publisher = {AIP},
	Title = {A study of the accuracy of moment-closure approximations for stochastic chemical kinetics},
	Volume = {136},
	Year = {2012}}

@article{grima2010effective,
	Author = {Grima, Ramon},
	Journal = {The Journal of chemical physics},
	Number = {3},
	Pages = {07B604},
	Publisher = {AIP},
	Title = {An effective rate equation approach to reaction kinetics in small volumes: Theory and application to biochemical reactions in nonequilibrium steady-state conditions},
	Volume = {133},
	Year = {2010}}

@article{grima2011,
	Author = {Grima, Ramon and Thomas, Philipp and Straube, Arthur V.},
	Journal = {The Journal of Chemical Physics},
	Number = {8},
	Title = {How accurate are the nonlinear chemical {Fokker}-{Planck} and chemical {Langevin} equations?},
	Volume = {135},
	Year = {2011}}

@article{ale2013general,
	Author = {Ale, Angelique and Kirk, Paul and Stumpf, Michael PH},
	Journal = {The Journal of chemical physics},
	Number = {17},
	Pages = {174101},
	Publisher = {AIP},
	Title = {A general moment expansion method for stochastic kinetic models},
	Volume = {138},
	Year = {2013}}

@article{gillespie2009moment,
	Author = {Gillespie, Colin S},
	Journal = {IET systems biology},
	Number = {1},
	Pages = {52--58},
	Publisher = {IET},
	Title = {Moment-closure approximations for mass-action models},
	Volume = {3},
	Year = {2009}
	}

@article{CERENA2016,
	Author = {Kazeroonian, Atefeh and Frohlich, Fabian and Raue, Andreas and Theis, Fabian J. and Hasenauer, Jan},
	Journal = {PloS one},
	Number = {1},
	Pages = {e0146732},
	Shorttitle = {{CERENA}},
	Title = {{CERENA}: {ChEmical} {REaction} {Network} {Analyzer}?{A} {Toolbox} for the {Simulation} and {Analysis} of {Stochastic} {Chemical} {Kinetics}},
	Volume = {11},
	Year = {2016}}

@article{braverman2017stein,
	Author = {Braverman, Anton and Dai, Jim},
	Journal = {The Annals of Applied Probability},
	Number = {1},
	Pages = {550--581},
	Publisher = {Institute of Mathematical Statistics},
	Title = {Stein's method for steady-state diffusion approximations of $ M/Ph/n+ M $ systems},
	Volume = {27},
	Year = {2017}}

@article{braverman2017stein2,
	Author = {Braverman, Anton and Dai, JG and Feng, Jiekun},
	Journal = {Stochastic Systems},
	Number = {2},
	Pages = {301--366},
	Publisher = {INFORMS},
	Title = {Stein's method for steady-state diffusion approximations: an introduction through the Erlang-A and Erlang-C models},
	Volume = {6},
	Year = {2017}}

@article{ying2017stein,
	Author = {Ying, Lei},
	Journal = {Proceedings of the ACM on Measurement and Analysis of Computing Systems},
	Number = {1},
	Pages = {12},
	Publisher = {ACM},
	Title = {Stein's Method for Mean Field Approximations in Light and Heavy Traffic Regimes},
	Volume = {1},
	Year = {2017}}

@misc{scipy,
	Author = {Eric Jones and Travis Oliphant and Pearu Peterson and others},
	Note = {[Online; accessed 2017-06-15]},
	Title = {{SciPy}: Open source scientific tools for {Python}},
	Url = {http://www.scipy.org/},
	Year = {2001--},
	Bdsk-Url-1 = {http://www.scipy.org/}}

@article{bartels1972solution,
	Author = {Bartels, Richard H. and Stewart, George W},
	Journal = {Communications of the ACM},
	Number = {9},
	Pages = {820--826},
	Publisher = {ACM},
	Title = {Solution of the matrix equation AX+ XB= C [F4]},
	Volume = {15},
	Year = {1972}}

@article{chen2012projection,
	Author = {Chen, Zhen and Lu, LinZhang},
	Journal = {Science China Mathematics},
	Number = {6},
	Pages = {1281--1292},
	Publisher = {Springer},
	Title = {A projection method and Kronecker product preconditioner for solving Sylvester tensor equations},
	Volume = {55},
	Year = {2012}}

@article{massoulie1,
	Acmid = {1064215},
	Address = {New York, NY, USA},
	Author = {Massouli{\'e}, L. and Vojnovi\'{c}, M.},
	Doi = {10.1145/1071690.1064215},
	Issn = {0163-5999},
	Issue_Date = {June 2005},
	Journal = {SIGMETRICS Perform. Eval. Rev.},
	Keywords = {content distribution, file swarming, peer-to-peer},
	Month = jun,
	Number = {1},
	Pages = {2--13},
	Publisher = {ACM},
	Title = {Coupon Replication Systems},
	Url = {http://doi.acm.org/10.1145/1071690.1064215},
	Volume = {33},
	Year = {2005},
	Bdsk-Url-1 = {http://doi.acm.org/10.1145/1071690.1064215},
	Bdsk-Url-2 = {https://doi.org/10.1145/1071690.1064215}}

@article{minnebo2,
	Author = {W. Minnebo and Van Houdt, B.},
	Issue = {3},
	Journal = {IEEE/ACM Transactions on Networking},
	Pages = {996-1006},
	Title = {A Fair Comparison of Pull and Push Strategies in Large Distributed Networks},
	Volume = {22},
	Year = {2014}}

@article{xie1,
	Acmid = {2745849},
	Address = {New York, NY, USA},
	Author = {Xie, Q. and Dong, X. and Lu, Y. and Srikant, R.},
	Doi = {10.1145/2796314.2745849},
	Issn = {0163-5999},
	Issue_Date = {June 2015},
	Journal = {SIGMETRICS Perform. Eval. Rev.},
	Keywords = {fluid limit analysis, loss model, randomized algorithms, resource allocation, virtual machine assignment},
	Month = jun,
	Number = {1},
	Pages = {321--334},
	Publisher = {ACM},
	Title = {Power of D Choices for Large-Scale Bin Packing: A Loss Model},
	Url = {http://doi.acm.org/10.1145/2796314.2745849},
	Volume = {43},
	Year = {2015},
	Bdsk-Url-1 = {http://doi.acm.org/10.1145/2796314.2745849},
	Bdsk-Url-2 = {https://doi.org/10.1145/2796314.2745849}}

@inproceedings{mitzenmacher2016analyzing,
	Author = {Mitzenmacher, Michael},
	Booktitle = {Communication, Control, and Computing (Allerton), 2016 54th Annual Allerton Conference on},
	Organization = {IEEE},
	Pages = {312--318},
	Title = {Analyzing distributed Join-Idle-Queue: A fluid limit approach},
	Year = {2016}}

@article{gibbens1990bistability,
	Author = {Gibbens, RJ and Hunt, PJ and Kelly, FP},
	Journal = {Disorder in physical systems},
	Pages = {113--128},
	Publisher = {Oxford University Press New York},
	Title = {Bistability in communication networks},
	Year = {1990}}

@article{cho2012asymptotic,
	Author = {Cho, Jeong-woo and Le Boudec, Jean-Yves and Jiang, Yuming},
	Journal = {IEEE Transactions on Information Theory},
	Number = {11},
	Pages = {6879--6893},
	Publisher = {IEEE},
	Title = {On the asymptotic validity of the decoupling assumption for analyzing 802.11 MAC protocol},
	Volume = {58},
	Year = {2012}}

@article{gast2017refined,
	Author = {Gast, Nicolas and Van Houdt, Benny},
	Journal = {Proc. ACM Meas. Anal. Comput. Syst},
	Title = {A Refined Mean Field Approximation},
	Volume = {1},
	Year = {2017}}

@article{gast2017expected,
	Author = {Gast, Nicolas},
	Journal = {Proceedings of the ACM on Measurement and Analysis of Computing Systems},
	Number = {1},
	Pages = {17},
	Publisher = {ACM},
	Title = {Expected values estimated via mean-field approximation are 1/N-accurate},
	Volume = {1},
	Year = {2017}}

@article{luczak2006maximum,
	Author = {Luczak, Malwina J and McDiarmid, Colin},
	Journal = {The Annals of Probability},
	Pages = {493--527},
	Publisher = {JSTOR},
	Title = {On the maximum queue length in the supermarket model},
	Year = {2006}}

@article{luczak2007asymptotic,
	Author = {Luczak, Malwina J and McDiarmid, Colin},
	Journal = {arXiv preprint arXiv:0712.2091},
	Publisher = {Citeseer},
	Title = {Asymptotic distributions and chaos for the supermarket model},
	Year = {2007}}

@article{cho2010validity,
	Author = {Cho, Jeong-woo and Le Boudec, Jean-Yves and Jiang, Yuming},
	Journal = {ACM SIGMETRICS Performance Evaluation Review},
	Number = {2},
	Pages = {36--38},
	Publisher = {ACM},
	Title = {On the validity of the fixed point equation and decoupling assumption for analyzing the 802.11 mac protocol},
	Volume = {38},
	Year = {2010}}

@article{eschenfeldt2016supermarket,
	Author = {Eschenfeldt, Patrick and Gamarnik, David},
	Journal = {arXiv preprint arXiv:1610.03522},
	Title = {Supermarket queueing system in the heavy traffic regime. Short queue dynamics},
	Year = {2016}}

@article{stein1986approximate,
	Author = {Stein, Charles},
	Journal = {Lecture Notes-Monograph Series},
	Pages = {i--164},
	Publisher = {JSTOR},
	Title = {Approximate computation of expectations},
	Volume = {7},
	Year = {1986}}

@inproceedings{shah2014performance,
	Author = {Shah, Virag and de Veciana, Gustavo},
	Booktitle = {IEEE INFOCOM 2014-IEEE Conference on Computer Communications},
	Organization = {IEEE},
	Pages = {2607--2615},
	Title = {Performance evaluation and asymptotics for content delivery networks},
	Year = {2014}}

@article{bortolussi2013bounds,
	Author = {Bortolussi, Luca and Hayden, Richard A},
	Journal = {Performance Evaluation},
	Number = {10},
	Pages = {736--749},
	Publisher = {Elsevier},
	Title = {Bounds on the deviation of discrete-time Markov chains from their mean-field model},
	Volume = {70},
	Year = {2013}}

@article{cecchi2015mean,
	Author = {Cecchi, F and Borst, SC and van Leeuwaarden, JSH},
	Journal = {ACM SIGMETRICS Performance Evaluation Review},
	Number = {2},
	Pages = {13--15},
	Publisher = {ACM},
	Title = {Mean-field analysis of ultra-dense csma networks},
	Volume = {43},
	Year = {2015}}

@article{baccelli1992mean,
	Author = {Baccelli, F and Karpelevich, FI and Kelbert, M Ya and Puhalskii, AA and Rybko, AN and Suhov, Yu M},
	Journal = {Journal of statistical physics},
	Number = {3-4},
	Pages = {803--825},
	Publisher = {Springer},
	Title = {A mean-field limit for a class of queueing networks},
	Volume = {66},
	Year = {1992}}

@article{lu2011join,
	Author = {Lu, Yi and Xie, Qiaomin and Kliot, Gabriel and Geller, Alan and Larus, James R and Greenberg, Albert},
	Journal = {Performance Evaluation},
	Number = {11},
	Pages = {1056--1071},
	Publisher = {Elsevier},
	Title = {Join-Idle-Queue: A novel load balancing algorithm for dynamically scalable web services},
	Volume = {68},
	Year = {2011}}

@article{tsitsiklis2011power,
	Author = {Tsitsiklis, John N and Xu, Kuang},
	Journal = {ACM SIGMETRICS Performance Evaluation Review},
	Number = {1},
	Pages = {121--132},
	Publisher = {ACM},
	Title = {On the power of (even a little) centralization in distributed processing},
	Volume = {39},
	Year = {2011}}

@article{ying2016twochoice,
	Author = {Lei Ying},
	Bibsource = {dblp computer science bibliography, http://dblp.org},
	Biburl = {http://dblp.uni-trier.de/rec/bib/journals/corr/Ying16},
	Journal = {CoRR},
	Timestamp = {Wed, 01 Jun 2016 15:51:08 +0200},
	Title = {On the Rate of Convergence of the Power-of-Two-Choices to its Mean-Field Limit},
	Url = {http://arxiv.org/abs/1605.06581},
	Volume = {abs/1605.06581},
	Year = {2016},
	Bdsk-Url-1 = {http://arxiv.org/abs/1605.06581}}

@unpublished{gast2016working2,
	Author = {Gast, Nicolas},
	Note = {working paper},
	Title = {Differentiability of the Solution of a Poisson Equation Associated to an ODE},
	Year = {2016}}

@unpublished{gast2016working,
	Author = {Gast, Nicolas},
	Note = {working paper},
	Title = {The Rate of Convergence of Mean-field Approximation is 1/N},
	Year = {2016}}

@article{khalil2002nonlinear,
	Author = {Khalil, Hassan},
	Publisher = {Prentice Hall},
	Title = {Nonlinear Systems},
	Year = {2002}}

@phdthesis{mitzenmacher1996power,
	Author = {Mitzenmacher, Michael David},
	School = {PhD thesis, Graduate Division of the University of California at Berkley},
	Title = {The Power of Two Random Choices in Randomized Load Balancing},
	Year = {1996}}

@article{mitzenmacher2001power,
	Author = {Mitzenmacher, Michael},
	Journal = {IEEE Transactions on Parallel and Distributed Systems},
	Number = {10},
	Pages = {1094--1104},
	Publisher = {IEEE},
	Title = {The power of two choices in randomized load balancing},
	Volume = {12},
	Year = {2001}}

@article{vvedenskaya1996queueing,
	Author = {Vvedenskaya, Nikita Dmitrievna and Dobrushin, Roland L'vovich and Karpelevich, Fridrikh Izrailevich},
	Journal = {Problemy Peredachi Informatsii},
	Number = {1},
	Pages = {20--34},
	Publisher = {Russian Academy of Sciences, Branch of Informatics, Computer Equipment and Automatization},
	Title = {Queueing system with selection of the shortest of two queues: An asymptotic approach},
	Volume = {32},
	Year = {1996}}

@book{eldering2013normally,
	Author = {Eldering, Jaap},
	Publisher = {Berlin: Springer},
	Title = {Normally Hyperbolic Invariant Manifolds---the Noncompact Case (Atlantis Series in Dynamical Systems vol 2)},
	Year = {2013}}

@article{gast2010mean,
	Acmid = {1811042},
	Address = {New York, NY, USA},
	Author = {Gast, Nicolas and Bruno, Gaujal},
	Doi = {10.1145/1811099.1811042},
	Issn = {0163-5999},
	Issue_Date = {June 2010},
	Journal = {SIGMETRICS Perform. Eval. Rev.},
	Keywords = {grid computing, load balancing, mean field},
	Month = jun,
	Number = {1},
	Numpages = {12},
	Pages = {13--24},
	Publisher = {ACM},
	Title = {A Mean Field Model of Work Stealing in Large-scale Systems},
	Url = {http://doi.acm.org/10.1145/1811099.1811042},
	Volume = {38},
	Year = {2010},
	Bdsk-Url-1 = {http://doi.acm.org/10.1145/1811099.1811042},
	Bdsk-Url-2 = {https://doi.org/10.1145/1811099.1811042}}

@inproceedings{gast2015transient,
	Author = {Gast, Nicolas and Van Houdt, Benny},
	Booktitle = {Proceedings of the 2015 ACM SIGMETRICS International Conference on Measurement and Modeling of Computer Systems},
	Organization = {ACM},
	Pages = {123--136},
	Title = {Transient and steady-state regime of a family of list-based cache replacement algorithms},
	Year = {2015}}
	
@inproceedings{gast2015transient_short,
	Author = {Gast, Nicolas and Van Houdt, Benny},
	Booktitle = {Proceedings of the 2015 ACM SIGMETRICS},
	Organization = {ACM},
	Pages = {123--136},
	Title = {Transient and steady-state regime of a family of list-based cache replacement algorithms},
	Year = {2015}}

@book{cartan1977cours,
	Author = {Cartan, Henri},
	Publisher = {Hermann},
	Title = {Cours de calcul diff{\'e}rentiel},
	Year = {1977}}

@article{che1,
	Author = {H. Che and Y. Tung and Z. Wang},
	Issue_Date = {Sept, 2002},
	Journal = {IEEE J.Sel. A. Commun.},
	Number = {7},
	Pages = {1305-1314},
	Title = {Hierarchical Web caching systems: modeling, design and experimental results},
	Volume = {20},
	Year = {2002}}

@book{kurtz_book,
	Author = {Ethier, Stewart N. and Kurtz, Thomas G.},
	Publisher = {Wiley},
	Title = {Markov processes: characterization and convergence},
	Volume = {282},
	Year = {2009}}

@article{kurtz1978strong,
	Author = {Kurtz, Thomas G},
	Journal = {Stochastic Processes and Their Applications},
	Number = {3},
	Pages = {223--240},
	Publisher = {Elsevier},
	Title = {Strong approximation theorems for density dependent Markov chains},
	Volume = {6},
	Year = {1978}}

@article{kolokoltsov2011mean,
	Author = {Kolokoltsov, Vassili N and Li, Jiajie and Yang, Wei},
	Journal = {arXiv preprint arXiv:1112.3744},
	Title = {Mean field games and nonlinear Markov processes},
	Year = {2011}}

@article{kurtz70,
	Author = {Kurtz, Thomas G},
	Journal = {Journal of Applied Probability},
	Pages = {49--58},
	Title = {Solutions of {Ordinary} {Differential} {Equations} as {Limits} of {Pure} {Jump} {Markov} {Processes}},
	Volume = {7},
	Year = {1970}}

@inproceedings{ying2016rate,
	Author = {Ying, Lei},
	Booktitle = {Proceedings of the 2016 ACM SIGMETRICS International Conference on Measurement and Modeling of Computer Science},
	Organization = {ACM},
	Pages = {285--297},
	Title = {On the Approximation Error of Mean-Field Models},
	Year = {2016}}

@article{ying2015rate,
	Author = {Ying, Lei},
	Journal = {arXiv preprint arXiv:1510.00761},
	Title = {On the Rate of Convergence of Mean-Field Models: Stein's Method Meets the Perturbation Theory},
	Year = {2015}}

@inproceedings{van2013mean,
	Author = {Van Houdt, Benny},
	Booktitle = {ACM SIGMETRICS Performance Evaluation Review},
	Number = {1},
	Organization = {ACM},
	Pages = {191--202},
	Title = {A mean field model for a class of garbage collection algorithms in flash-based solid state drives},
	Volume = {41},
	Year = {2013}}

@article{chaintreau2009age,
	Acmid = {1555363},
	Address = {New York, NY, USA},
	Author = {Chaintreau, Augustin and Le Boudec, Jean-Yves and Ristanovic, Nikodin},
	Doi = {10.1145/2492101.1555363},
	Issn = {0163-5999},
	Issue_Date = {June 2009},
	Journal = {SIGMETRICS Perform. Eval. Rev.},
	Keywords = {dynamic content, epidemic, gossip, infrastructure deployment, mean field, updates},
	Month = jun,
	Number = {1},
	Numpages = {12},
	Pages = {109--120},
	Publisher = {ACM},
	Title = {The Age of Gossip: Spatial Mean Field Regime},
	Url = {http://doi.acm.org/10.1145/2492101.1555363},
	Volume = {37},
	Year = {2009},
	Bdsk-Url-1 = {http://doi.acm.org/10.1145/2492101.1555363},
	Bdsk-Url-2 = {https://doi.org/10.1145/2492101.1555363}}

@article{benaim2008class,
	Author = {Benaim, Michel and Le Boudec, Jean-Yves},
	Journal = {Performance Evaluation},
	Number = {11},
	Pages = {823--838},
	Publisher = {Elsevier},
	Title = {A class of mean field interaction models for computer and communication systems},
	Volume = {65},
	Year = {2008}}

@article{khouzani2012maximum,
	Author = {Khouzani, MHR and Sarkar, Saswati and Altman, Eitan},
	Journal = {IEEE/ACM Transactions on Networking},
	Number = {5},
	Pages = {1347--1360},
	Publisher = {IEEE},
	Title = {Maximum damage malware attack in mobile wireless networks},
	Volume = {20},
	Year = {2012}}

@article{roth2013stochastic,
	Author = {Roth, Gr{\'e}gory and Sandholm, William H},
	Journal = {SIAM Journal on Control and Optimization},
	Number = {1},
	Pages = {525--555},
	Publisher = {SIAM},
	Title = {Stochastic approximations with constant step size and differential inclusions},
	Volume = {51},
	Year = {2013}}

@article{gast2012markov,
	Author = {Gast, N. and Gaujal, B.},
	Journal = {Performance Evaluation},
	Number = {12},
	Pages = {623--642},
	Publisher = {Elsevier},
	Title = {Markov chains with discontinuous drifts have differential inclusion limits},
	Volume = {69},
	Year = {2012}}
